%
% FILE        : references.bib
% SUBJECT     : BibTeX database for the ACO algorithms documentation
%

% ====
% 1998
% ====

@Book{knuth-seminumerical,
  author = {Donald E. Knuth},
  title = {The Art of Computer Programming: Seminumerical Algorithms},
  publisher = {Addison-Wesley},
  year = {1998},
  volume = {2},
  edition = {Third},
}

